<?xml version="1.0" encoding="UTF-8"?><collection xmlns="http://www.loc.gov/MARC21/slim"><record><leader>00563nam--2200169-i-4500</leader><controlfield tag="001">000039821</controlfield><controlfield tag="002">20161230</controlfield><controlfield tag="005">20161230201042</controlfield><controlfield tag="008">060222s1000------------r-----000-0-eng-d</controlfield><datafield ind1=" " ind2=" " tag="040"><subfield code="a">IFIN-HH</subfield></datafield><datafield ind1=" " ind2=" " tag="080"><subfield code="a">539.12.04:539.122.04</subfield></datafield><datafield ind1="1" ind2=" " tag="100"><subfield code="a">Rougee, Michel</subfield></datafield><datafield ind1="1" ind2="0" tag="245"><subfield code="a">Contribution a l`etude de l`irradiatio, par les rayons du cobalt 60, des solutions de chlorure de phyvinyle dans le tetrahydrofurane</subfield><subfield code="b">These</subfield><subfield code="c">Michel rougee</subfield></datafield><datafield ind1=" " ind2=" " tag="260"><subfield code="a">Stransbourg</subfield><subfield code="b">La Faculte Des Sciences</subfield><subfield code="c">1963</subfield></datafield><datafield ind1=" " ind2=" " tag="300"><subfield code="a">116P</subfield></datafield><datafield ind1=" " ind2=" " tag="852"><subfield code="a">22764</subfield><subfield code="c">539.12.04</subfield></datafield><datafield ind1=" " ind2=" " tag="CAT"><subfield code="a">Sys</subfield><subfield code="c">20120206</subfield><subfield code="h">151856</subfield></datafield></record></collection>